% This file was created with JabRef 2.10.
% Encoding: UTF-8


@Book{AguilarCastro2004,
  Title                    = {Introducción a la Computación Paralela},
  Author                   = {Aguilar Castro, Jose Lisandro and Leiss, Ernst},
  Publisher                = {Consejo de Desarrollo Científico, Humanístico y Tecnológico de la Universidad de Los Andes},
  Year                     = {2004},

  Owner                    = {javiercolv},
  Timestamp                = {2015.05.29}
}

@Book{Aho1990,
  Title                    = {Compiladores Principios, tecnicas y herramientas},
  Author                   = {Aho, Alfred and Sethi, Ravi and Ullman Jeffrey},
  Publisher                = {Pearson},
  Year                     = {1990},

  Owner                    = {javiercolv},
  Timestamp                = {2016.04.25}
}

@Book{AlonsoAmo2005,
  Title                    = {Introducción a la ingeniería del software},
  Author                   = {Alonso Amo, Fernando and Martínez Normand, Loïc and Segovia Pérez, Francisco Javier},
  Publisher                = {Delta Publicaciones},
  Year                     = {2005},

  Owner                    = {javiercolv},
  Timestamp                = {2016.06.07}
}

@Unpublished{DroidCluster,
  Title                    = {DroidCluster: Towards Smartphone Cluster Computing - The Streets are Paved with Potential Computer Clusters -},
  Author                   = {Büsching, Felix and Schildt, Sebastian and Wolf, Lars},

  Owner                    = {javiercolv},
  Timestamp                = {2015.05.29}
}

@Book{CedanoOlvera2014,
  Title                    = {Fundamentos de computación para ingenieros},
  Author                   = {Cedano Olvera, Marco Alfredo and Cedano Rodríguez, Alfredo and Rubio González, José Antonio and Vega Gutiérrez, Arlem Carolina},
  Publisher                = {Grupo Editorial Patria},
  Year                     = {2014},

  Owner                    = {javiercolv},
  Timestamp                = {2016.06.07}
}

@Book{Chopra2010,
  Title                    = {Database Management System (DBMS)A Practical Approach},
  Author                   = {Chopra, Rajiv},
  Publisher                = {S. Chand Publishing},
  Year                     = {2010},

  Owner                    = {javiercolv},
  Timestamp                = {2016.06.10}
}

@Book{Cormen2003,
  Title                    = {Introduction to Algorithms Second Edition},
  Author                   = {Cormen, Thomas and Leiserson, Charles and Rivest, Ronald and Stein Clifford},
  Publisher                = {The MIT Press},
  Year                     = {2003},

  Owner                    = {javiercolv},
  Timestamp                = {2016.04.25}
}

@Book{CortesMorales2006,
  Title                    = {Introducción Al Análisis de Sistemas Y la Ingeniería de Software},
  Author                   = {Cortes Morales, Roberto},
  Publisher                = {EUNED},
  Year                     = {2006},

  Owner                    = {javiercolv},
  Timestamp                = {2016.06.07}
}

@Book{Coulouris2001,
  Title                    = {SISTEMAS DISTRIBUIDOS. Conceptos y duseño.Tercera edición},
  Author                   = {Coulouris, George; Dollimore, Jean; Kinderberg, Tim},
  Editor                   = {ADDISON WESLEY},
  Publisher                = {PEARSON EDUCATION, S.A.},
  Year                     = {2001},

  Owner                    = {javiercolv},
  Timestamp                = {2015.06.11}
}

@Article{JDonegan2008,
  Title                    = {Mobile Message Passing using a Scatternet Framework},
  Author                   = {Donegan J., Brendan and C. Doolan, Daniel and Tabirca, Sabin},
  Journal                  = {International Journal of Computers, Communications \& Control},
  Year                     = {2008},

  Owner                    = {javiercolv},
  Timestamp                = {2015.05.28}
}

@Book{E.KENDALL2005,
  Title                    = {ANÁLISIS Y DISEÑO DE SISTEMAS},
  Author                   = {E. KENDALL, KENNETH and E. KENDALL, JULIE},
  Editor                   = {PEARSON EDUCACIÓN},
  Publisher                = {PEARSON EDUCACIÓN},
  Year                     = {2005},

  Owner                    = {javiercolv},
  Timestamp                = {2016.05.25}
}

@Book{GarciaLlinas2010,
  Title                    = {Programación orienta a objetos en Java},
  Author                   = {García Llinás, Luis Fernando},
  Publisher                = {Ediciones Uninorte},
  Year                     = {2010},

  Owner                    = {javiercolv},
  Timestamp                = {2016.06.07}
}

@Book{Garrido2006,
  Title                    = {Fundamentos de programación en C++},
  Author                   = {Garrido, Antonio},
  Publisher                = {Delta Publicaciones},
  Year                     = {2006},

  Owner                    = {javiercolv},
  Timestamp                = {2016.04.25}
}

@Book{JoyanesAguilar2008,
  Title                    = {FUNDAMENTOS DE PROGRAMACION. ALGORITMOS, ESTRUCTURAS DE DATOS Y OBJETOS (4ª ED.)},
  Author                   = {Joyanes Aguilar, Luis},
  Editor                   = {S.A. MCGRAW-HILL / INTERAMERICANA DE ESPAÑA},
  Publisher                = {S.A. MCGRAW-HILL / INTERAMERICANA DE ESPAÑA},
  Year                     = {2008},

  Owner                    = {javiercolv},
  Timestamp                = {2016.04.25}
}

@Book{JoyanesAguilar1996,
  Title                    = {Fundamentos de programación},
  Author                   = {Joyanes, Luis and Rodríguez, Luis and Fernández, Matilde},
  Publisher                = {McGraw Hill},
  Year                     = {1996},

  Owner                    = {javiercolv},
  Timestamp                = {2016.04.20}
}

@PhdThesis{Karr2012,
  Title                    = {Wireless Distributed Computing on the Android Platform},
  Author                   = {Kiran Karra},
  School                   = {Virginia Polytechnic Institute and State University},
  Year                     = {2012},

  Owner                    = {javiercolv},
  Timestamp                = {2015.05.29}
}

@Book{Kroenke2003,
  Title                    = {PROCESAMIENTO DE BASES DE DATOS Fundamentos, diseño e implementacion (8va. edicion)},
  Author                   = {Kroenke, David M.},
  Publisher                = {PEARSON EDUCACIÓN},
  Year                     = {2003},

  Owner                    = {javiercolv},
  Timestamp                = {2016.06.10}
}

@Book{Mannino2007,
  Title                    = {Administración de bases de datos. Diseño y desarrollo de aplicaciones},
  Author                   = {Mannino, Michael V.},
  Publisher                = {McGRAW-HILL INTERAMERICANA EDITORES, S.A. DE C.V.},
  Year                     = {2007},

  Owner                    = {javiercolv},
  Timestamp                = {2016.06.10}
}

@Book{Mathieu2014,
  Title                    = {Introducción a la programación},
  Author                   = {Mihaela Juganaru Mathieu},
  Publisher                = {Grupo Editorial Patria},
  Year                     = {2014},

  Owner                    = {javiercolv},
  Timestamp                = {2016.04.19}
}

@Electronic{MelonRial2012,
  Title                    = {Instalación y configuración de un cluster de computación},

  Address                  = {http://upcommons.upc.edu/pfc/bitstream/2099.1/15791/1/77790.pdf},
  Author                   = {Melón Rial, Santiago},
  Month                    = {Junio},
  Url                      = {http://upcommons.upc.edu/pfc/bitstream/2099.1/15791/1/77790.pdf},
  Year                     = {2012},

  Owner                    = {javiercolv},
  Timestamp                = {2015.06.04}
}

@Book{NevadoCabello2010,
  Title                    = {Introduccion a Las Bases de Datos Relacionales},
  Author                   = {Nevado Cabello, Maria Victoria},
  Year                     = {2010},

  Owner                    = {javiercolv},
  Timestamp                = {2016.06.27}
}

@Book{Perez2005,
  Title                    = {Lenguage Y Compiladores},
  Author                   = {Perez, Ivan},
  Publisher                = {Publicaciones UCAB},
  Year                     = {2005},

  Owner                    = {javiercolv},
  Timestamp                = {2016.06.10}
}

@Book{Pressm2010,
  Title                    = {Ingeniería del software UN ENFOQUE PRÁCTICO},
  Author                   = {Roger S. Pressman},
  Editor                   = {McGRAW-HILL INTERAMERICANA EDITORES, S.A. DE C.V.},
  Publisher                = {McGRAW-HILL INTERAMERICANA EDITORES, S.A. DE C.V.},
  Year                     = {2010},

  Owner                    = {javiercolv},
  Timestamp                = {2016.05.24}
}

@PhdThesis{RamiroSanchez2010,
  Title                    = {Algoritmos Paralelos para la resolución de problemas de mínimos
cuadrados basados en transformaciones ortogonales sobre GPUs y
multiprocesadores},
  Author                   = {Ramiro Sánchez, Carla},
  School                   = {Universitat Politècnica de Valencia},
  Year                     = {2010},

  Owner                    = {javiercolv},
  Timestamp                = {2015.06.04}
}

@Book{RodriguezSala2003,
  Title                    = {Introducción a la programación. Teoría y práctica},
  Author                   = {Rodríguez Sala, Jesús Javier},
  Publisher                = {Gamma},
  Year                     = {2003},

  Owner                    = {javiercolv},
  Timestamp                = {2016.06.10}
}

@Book{SanchezGarreta2003,
  Title                    = {Ingeniería de proyectos informáticos: actividades y procedimientos},
  Author                   = {Sanchez Garreta, Salvador.},
  Publisher                = {Universitat Jaume I},
  Year                     = {2003},

  Owner                    = {javiercolv},
  Timestamp                = {2016.06.07}
}

@Book{Sommerville2005,
  Title                    = {Ingeniería del software Séptima edición},
  Author                   = {Sommerville, Ian},
  Publisher                = {PEARSON EDUCATION, S.A.},
  Year                     = {2005},

  Owner                    = {javiercolv},
  Timestamp                = {2016.04.20}
}

@Book{Thibaud2006,
  Title                    = {MySQL 5 - Instalacion, Implementacion - Administracion y Programacion},
  Author                   = {Thibaud, Cyril},
  Publisher                = {Ediciones ENI},
  Year                     = {2006},

  Owner                    = {javiercolv},
  Timestamp                = {2016.06.10}
}

@Electronic{procesadores_intel,
  Title                    = {Procesadores Intel® para estaciones de trabajo},

  Address                  = {http://www.intel.com/cd/products/services/emea/spa/workstation/processor/344494.htm},
  Url                      = {http://www.intel.com/cd/products/services/emea/spa/workstation/processor/344494.htm},

  Owner                    = {javiercolv},
  Timestamp                = {2015.06.04}
}


@Electronic{pos_oracle,
  Title                    = {¿En qué consiste un sistema de punto de venta (POS) para restaurantes?},

  Address                  = {https://www.oracle.com/es/industries/food-beverage/what-is-restaurant-pos.html},
  Url                      = {https://www.oracle.com/es/industries/food-beverage/what-is-restaurant-pos.html},

  Owner                    = {javiercolv},
  Timestamp                = {2018.12.12}
}




